@misc{softwaretestingfundamentals_software-quality,
    title={Software Quality},
    year={2019}, month={Mar},
    howpublished={\url{http://softwaretestingfundamentals .com/software-quality/}}
}

@misc{glossary-iiba,
    title={Glossary: IIBA},
    howpublished={\url{https://www.iiba.org/standards-and-resources/glossary/}}
}

@misc{needs-vs-requirements,
    title={Business Needs vs. Requirements},
    month={Feb},
    year={2016},
    author={Mohamed Elgendy},
    howpublished={\url{https://westwindconsulting.com/Requirements%20vs%20expectations.html}}
}

@misc{requirements-vs-expectations,
    title={Managing Customer Requirements: Requirements vs. Expectations},
    month={May},
    year={2018},
    howpublished={\url{https://westwindconsulting.com/Requirements%20vs%20expectations.html}}
}

@misc{murphy-technology,
    title={Murphy's technology laws},
    month={May},
    year={2018},
    howpublished={\url{http://www.murphys-laws.com/murphy/murphy-technology.html}}
}

@book{smart2014bdd,
    title={BDD in Action: Behavior-Driven Development for the Whole Software Lifecycle},
    author={Smart, J.F.},
    isbn={9781617291654},
    lccn={2014469174},
    year={2014},
    publisher={Manning Publications}
}

@misc{introducing-bdd,
    title={Introducing BDD},
    author={Dan North},
    year={2017}, month={Feb},
    howpublished={\url{https://dannorth.net/introducing-bdd/}}
}

@misc{xp-values,
    title={Extreme Programming: Values, Principles, and Practices},
    author={Dan North},
    year={2018}, month={Feb},
    howpublished={\url{https://www.altexsoft.com/blog/business/extreme-programming-values-principles-and-practices/}}
}

@misc{extreme-programming,
    title={Extreme Programming: A Gentle Introduction.},
    howpublished={\url{https://www.extremeprogramming.org}}
}

@misc{what-is-tdd,
    title={Test Driven Development: what it is, and what it is not.},
    author={Andrea Koutifaris},
    year={2018}, month={Jun},
    howpublished={\url{https://medium.freecodecamp.org/test-driven-development-what-it-is-and-what-it-is-not-41fa6bca02a2}}
}

@misc{xp-rules,
    title={Extreme Programming Rules},
    howpublished={\url{http://www.extremeprogramming.org/rules.html}}
}

@misc{xp-continuous-integration,
    title={Integrate Often  },
    howpublished={\url{https://martinfowler.com/articles/continuousIntegration.html}}
}

@misc{continuous-integration,
    title={Continuous Integration},
    year={2006},
    month={May},
    author={Martin Fowler},
    howpublished={\url{https://martinfowler.com/articles/continuousIntegration.html}}
}

@misc{waterfall-model,
    title={Waterfall model},
    howpublished={\url{https://en.wikipedia.org/wiki/Waterfall_model#History}}
}

@misc{hp-alm,
    title={Introduction to HP ALM(Quality Center)},
    howpublished={\url{https://www.guru99.com/hp-alm-introduction.html}}
}

@misc{stlc-v-model,
    title={Introduction to HP ALM(Quality Center)},
    year={2019}, month={August},
    howpublished={\url{https://www.softwaretestinghelp.com/what-is-stlc-v-model/}}
}

@inproceedings{Royce:1987:MDL:41765.41801,
    author = {Royce, W. W.},
    title = {Managing the Development of Large Software Systems: Concepts and Techniques},
    booktitle = {Proceedings of the 9th International Conference on Software Engineering},
    series = {ICSE '87},
    year = {1987},
    isbn = {0-89791-216-0},
    url = {http://dl.acm.org/citation.cfm?id=41765.41801},
    publisher = {IEEE Computer Society Press},
}